@article{LahiriSR1997,
  title = {Are Steadily Moving Crystals Unstable?},
  author = {Lahiri, Rangan and Ramaswamy, Sriram},
  journal = {Phys. Rev. Lett.},
  volume = {79},
  issue = {6},
  pages = {1150--1153},
  numpages = {0},
  year = {1997},
  month = {Aug},
  publisher = {American Physical Society},
  doi = {10.1103/PhysRevLett.79.1150},
  url = {https://link.aps.org/doi/10.1103/PhysRevLett.79.1150}
}

@article{you2020nonreciprocity,
  title={Nonreciprocity as a generic route to traveling states},
  author={You, Zhihong and Baskaran, Aparna and Marchetti, M Cristina},
  journal={Proceedings of the National Academy of Sciences},
  volume={117},
  number={33},
  pages={19767--19772},
  year={2020},
  publisher={National Acad Sciences},
  url= {https://www.pnas.org/doi/10.1073/pnas.2010318117}
}

@article{dadhichi2020nonmutual,
  title={Nonmutual torques and the unimportance of motility for long-range order in two-dimensional flocks},
  author={Dadhichi, Lokrshi Prawar and Kethapelli, Jitendra and Chajwa, Rahul and Ramaswamy, Sriram and Maitra, Ananyo},
  journal={Physical Review E},
  volume={101},
  number={5},
  pages={052601},
  year={2020},
  publisher={APS}, 
  doi={10.1103/PhysRevE.101.052601}, 
  url={https://journals.aps.org/pre/abstract/10.1103/PhysRevE.101.052601}
}

@article{CahnHilliardnonvarcoupling2021,
  title = {Suppression of coarsening and emergence of oscillatory behavior in a Cahn-Hilliard model with nonvariational coupling},
  author = {Frohoff-H\"ulsmann, Tobias and Wrembel, Jana and Thiele, Uwe},
  journal = {Phys. Rev. E},
  volume = {103},
  issue = {4},
  pages = {042602},
  numpages = {29},
  year = {2021},
  month = {Apr},
  publisher = {American Physical Society},
  doi = {10.1103/PhysRevE.103.042602},
  url = {https://link.aps.org/doi/10.1103/PhysRevE.103.042602}
}

@article{SSaha_etalPRX2020,
  title = {Scalar Active Mixtures: The Nonreciprocal Cahn-Hilliard Model},
  author = {Saha, Suropriya and Agudo-Canalejo, Jaime and Golestanian, Ramin},
  journal = {Phys. Rev. X},
  volume = {10},
  issue = {4},
  pages = {041009},
  numpages = {14},
  year = {2020},
  month = {Oct},
  publisher = {American Physical Society},
  doi = {10.1103/PhysRevX.10.041009},
  url = {https://link.aps.org/doi/10.1103/PhysRevX.10.041009}
}

@article{PhysRevLett.104.178103,
  title = {Synchronization and Collective Dynamics in a Carpet of Microfluidic Rotors},
  author = {Uchida, Nariya and Golestanian, Ramin},
  journal = {Phys. Rev. Lett.},
  volume = {104},
  issue = {17},
  pages = {178103},
  numpages = {4},
  year = {2010},
  month = {Apr},
  publisher = {American Physical Society},
  doi = {10.1103/PhysRevLett.104.178103},
  url = {https://link.aps.org/doi/10.1103/PhysRevLett.104.178103}
}

@article{das2002driven,
  title={Driven Heisenberg magnets: Nonequilibrium criticality, spatiotemporal chaos and control},
  author={Das, Jayajit and Rao, Madan and Ramaswamy, Sriram},
  journal={EPL (Europhysics Letters)},
  volume={60},
  number={3},
  pages={418},
  year={2002},
  publisher={IOP Publishing},
  doi={10.1209/epl/i2002-00280-2}, 
  url={https://iopscience.iop.org/article/10.1209/epl/i2002-00280-2}
}

@incollection{landau1992theory,
  title={On the theory of the dispersion of magnetic permeability in ferromagnetic bodies},
  booktitle={Perspectives in Theoretical Physics},
  pages={51--65},
  year={1992},
  publisher={Elsevier}, 
url={https://www.sciencedirect.com/science/article/abs/pii/B9780080363646500089}
}


@article{ivlev2015statistical,
  title={Statistical mechanics where Newtonâ€™s Third Law is broken},
  author={Ivlev, Alexei V and Bartnick, J{\"o}rg and Heinen, Marco and Du, C-R and Nosenko, V and L{\"o}wen, Hartmut},
  journal={Physical Review X},
  volume={5},
  number={1},
  pages={011035},
  year={2015},
  publisher={APS}, 
  url={https://journals.aps.org/prx/abstract/10.1103/PhysRevX.5.011035}
}


@article{parisi1986asymmetric,
  title={Asymmetric neural networks and the process of learning},
  author={Parisi, Giorgio},
  journal={Journal of Physics A: Mathematical and General},
  volume={19},
  number={11},
  pages={L675},
  year={1986},
  publisher={IOP Publishing}, 
  url = {https://iopscience.iop.org/article/10.1088/0305-4470/19/11/005}
}
@article{PhysRevE.86.011909,
  title = {Non-normal amplification in random balanced neuronal networks},
  author = {Hennequin, Guillaume and Vogels, Tim P. and Gerstner, Wulfram},
  journal = {Phys. Rev. E},
  volume = {86},
  issue = {1},
  pages = {011909},
  numpages = {12},
  year = {2012},
  month = {Jul},
  publisher = {American Physical Society},
  doi = {10.1103/PhysRevE.86.011909},
  url = {https://link.aps.org/doi/10.1103/PhysRevE.86.011909}
}


@article{fruchart2021non,
  title={Non-reciprocal phase transitions},
  author={Fruchart, Michel and Hanai, Ryo and Littlewood, Peter B and Vitelli, Vincenzo},
  journal={Nature},
  volume={592},
  number={7854},
  pages={363--369},
  year={2021},
  publisher={Nature Publishing Group UK London}, 
  url={https://www.nature.com/articles/s41586-021-03375-9} 
}

@article{bowick2022symmetry,
  title = {Symmetry, Thermodynamics, and Topology in Active Matter},
  author = {Bowick, Mark J. and Fakhri, Nikta and Marchetti, M. Cristina and Ramaswamy, Sriram},
  journal = {Phys. Rev. X},
  volume = {12},
  issue = {1},
  pages = {010501},
  numpages = {27},
  year = {2022},
  month = {Feb},
  publisher = {American Physical Society},
  doi = {10.1103/PhysRevX.12.010501},
  url ={\href{https://link.aps.org/doi/10.1103/PhysRevX.12.010501}}
}
@article{shamikgupta2019,
  title = {Slow dynamics and subdiffusion in a non-Hamiltonian system with long-range forces},
  author = {Bachelard, Romain and Piovella, Nicola and Gupta, Shamik},
  journal = {Phys. Rev. E},
  volume = {99},
  issue = {1},
  pages = {010104},
  numpages = {5},
  year = {2019},
  month = {Jan},
  publisher = {American Physical Society},
  doi = {10.1103/PhysRevE.99.010104},
  url = {https://link.aps.org/doi/10.1103/PhysRevE.99.010104}
}


@article{PhysRevLett.106.054102,
  title = {Kuramoto Model of Coupled Oscillators with Positive and Negative Coupling Parameters: An Example of Conformist and Contrarian Oscillators},
  author = {Hong, Hyunsuk and Strogatz, Steven H.},
  journal = {Phys. Rev. Lett.},
  volume = {106},
  issue = {5},
  pages = {054102},
  numpages = {4},
  year = {2011},
  month = {Feb},
  publisher = {American Physical Society},
  doi = {10.1103/PhysRevLett.106.054102},
  url = {https://link.aps.org/doi/10.1103/PhysRevLett.106.054102}
}


@article{PhysRevLett.117.248001,
  title = {Large-Scale Patterns in a Minimal Cognitive Flocking Model: Incidental Leaders, Nematic Patterns, and Aggregates},
  author = {Barberis, Lucas and Peruani, Fernando},
  journal = {Phys. Rev. Lett.},
  volume = {117},
  issue = {24},
  pages = {248001},
  numpages = {6},
  year = {2016},
  month = {Dec},
  publisher = {American Physical Society},
  doi = {10.1103/PhysRevLett.117.248001},
  url = {https://link.aps.org/doi/10.1103/PhysRevLett.117.248001}
}

@article{PhysRevLett.122.185301,
  title = {Non-Hermitian Phase Transition from a Polariton Bose-Einstein Condensate to a Photon Laser},
  author = {Hanai, Ryo and Edelman, Alexander and Ohashi, Yoji and Littlewood, Peter B.},
  journal = {Phys. Rev. Lett.},
  volume = {122},
  issue = {18},
  pages = {185301},
  numpages = {6},
  year = {2019},
  month = {May},
  publisher = {American Physical Society},
  doi = {10.1103/PhysRevLett.122.185301},
  url = {https://link.aps.org/doi/10.1103/PhysRevLett.122.185301}
}


@article{PhysRevE.99.012612,
  title = {Contrarian compulsions produce exotic time-dependent flocking of active particles},
  author = {Bonilla, L. L. and Trenado, C.},
  journal = {Phys. Rev. E},
  volume = {99},
  issue = {1},
  pages = {012612},
  numpages = {19},
  year = {2019},
  month = {Jan},
  publisher = {American Physical Society},
  doi = {10.1103/PhysRevE.99.012612},
  url = {https://link.aps.org/doi/10.1103/PhysRevE.99.012612}
}


@article{PhysRevResearch.2.033018,
  title = {Critical fluctuations at a many-body exceptional point},
  author = {Hanai, Ryo and Littlewood, Peter B.},
  journal = {Phys. Rev. Res.},
  volume = {2},
  issue = {3},
  pages = {033018},
  numpages = {16},
  year = {2020},
  month = {Jul},
  publisher = {American Physical Society},
  doi = {10.1103/PhysRevResearch.2.033018},
  url = {https://link.aps.org/doi/10.1103/PhysRevResearch.2.033018}
}

@article{Galda2019,
  title = {Exceptional points in classical spin dynamics},
  volume = {9},
  ISSN = {2045-2322},
  url = {http://dx.doi.org/10.1038/s41598-019-53455-0},
  DOI = {10.1038/s41598-019-53455-0},
  number = {1},
  journal = {Scientific Reports},
  publisher = {Springer Science and Business Media LLC},
  author = {Galda,  Alexey and Vinokur,  Valerii M.},
  year = {2019},
  month = nov 
}
@article{PhysRevB.105.214308,
  title = {Onset of many-body quantum chaos due to breaking integrability},
  author = {Bulchandani, Vir B. and Huse, David A. and Gopalakrishnan, Sarang},
  journal = {Phys. Rev. B},
  volume = {105},
  issue = {21},
  pages = {214308},
  numpages = {18},
  year = {2022},
  month = {Jun},
  publisher = {American Physical Society},
  doi = {10.1103/PhysRevB.105.214308},
  url = {https://link.aps.org/doi/10.1103/PhysRevB.105.214308}
}

@article{PhysRevX.8.031057,
  title = {Operator Spreading and the Emergence of Dissipative Hydrodynamics under Unitary Evolution with Conservation Laws},
  author = {Khemani, Vedika and Vishwanath, Ashvin and Huse, David A.},
  journal = {Phys. Rev. X},
  volume = {8},
  issue = {3},
  pages = {031057},
  numpages = {25},
  year = {2018},
  month = {Sep},
  publisher = {American Physical Society},
  doi = {10.1103/PhysRevX.8.031057},
  url = {https://link.aps.org/doi/10.1103/PhysRevX.8.031057}
}

@misc{1503.01409,
Author = {Juan Maldacena and Stephen H. Shenker and Douglas Stanford},
Title = {A bound on chaos},
Year = {2015},
Eprint = {arXiv:1503.01409},
Doi = {10.1007/JHEP08(2016)106},
}

@article{das2018light,
  title={Light-cone spreading of perturbations and the butterfly effect in a classical spin chain},
  author={Das, Avijit and Chakrabarty, Saurish and Dhar, Abhishek and Kundu, Anupam and Huse, David A and Moessner, Roderich and Ray, Samriddhi Sankar and Bhattacharjee, Subhro},
  journal={Physical Review Letters},
  volume={121},
  number={2},
  pages={024101},
  year={2018},
  publisher={APS}, 
  url={https://journals.aps.org/prl/abstract/10.1103/PhysRevLett.121.024101}
}

@article{McRoberts_PRB105,
  title = {Anomalous dynamics and equilibration in the classical Heisenberg chain},
  author = {McRoberts, Adam J. and Bilitewski, Thomas and Haque, Masudul and Moessner, Roderich},
  journal = {Phys. Rev. B},
  volume = {105},
  issue = {10},
  pages = {L100403},
  numpages = {6},
  year = {2022},
  month = {Mar},
  publisher = {American Physical Society},
  doi = {10.1103/PhysRevB.105.L100403},
  url = {https://link.aps.org/doi/10.1103/PhysRevB.105.L100403}
}

@article{McRoberts_PRR5,
  title = {Prethermalization in periodically driven nonreciprocal many-body spin systems},
  author = {McRoberts, Adam J. and Zhao, Hongzheng and Moessner, Roderich and Bukov, Marin},
  journal = {Phys. Rev. Res.},
  volume = {5},
  issue = {4},
  pages = {043008},
  numpages = {18},
  year = {2023},
  month = {Oct},
  publisher = {American Physical Society},
  doi = {10.1103/PhysRevResearch.5.043008},
  url = {https://link.aps.org/doi/10.1103/PhysRevResearch.5.043008}
}

@misc{2208.08577,
Author = {Ryo Hanai},
Title = {Non-reciprocal frustration: time crystalline order-by-disorder phenomenon and a spin-glass-like state},
Year = {2022},
Eprint = {arXiv:2208.08577},
}

@article{Naef1998,
  doi = {10.1088/0953-8984/10/12/001},
  url = {https://doi.org/10.1088/0953-8984/10/12/001},
  year = {1998},
  month = mar,
  publisher = {{IOP} Publishing},
  volume = {10},
  number = {12},
  pages = {L183--L190},
  author = {F Naef and X Zotos},
  title = {Spin and energy correlations in the one dimensional spin- Heisenberg model},
  journal = {Journal of Physics: Condensed Matter}
}


@article{PhysRev.188.898,
  title = {Hydrodynamic Theory of Spin Waves},
  author = {HALPERIN, B. I. and HOHENBERG, P. C.},
  journal = {Phys. Rev.},
  volume = {188},
  issue = {2},
  pages = {898--918},
  numpages = {0},
  year = {1969},
  month = {Dec},
  publisher = {American Physical Society},
  doi = {10.1103/PhysRev.188.898},
  url = {https://link.aps.org/doi/10.1103/PhysRev.188.898}
}


@article{PhysRevB.11.4077,
  title = {Critical dynamics of ferromagnets in $6\ensuremath{-}\ensuremath{\epsilon}$ dimensions: General discussion and detailed calculation},
  author = {Ma, Shang-keng and Mazenko, Gene F.},
  journal = {Phys. Rev. B},
  volume = {11},
  issue = {11},
  pages = {4077--4100},
  numpages = {0},
  year = {1975},
  month = {Jun},
  publisher = {American Physical Society},
  doi = {10.1103/PhysRevB.11.4077},
  url = {https://link.aps.org/doi/10.1103/PhysRevB.11.4077}
}


@article{freedman1976critical,
  title={Critical dynamics of isotropic antiferromagnets using renormalization-group methods: Tâ‰¥ T N},
  author={Freedman, R and Mazenko, Gene F},
  journal={Physical Review B},
  volume={13},
  number={11},
  pages={4967},
  year={1976},
  publisher={APS}
}


%%% same as above; different referencing title
@article{ma1975critical,
  title = {Critical dynamics of ferromagnets in $6\ensuremath{-}\ensuremath{\epsilon}$ dimensions: General discussion and detailed calculation},
  author = {Ma, Shang-keng and Mazenko, Gene F.},
  journal = {Phys. Rev. B},
  volume = {11},
  issue = {11},
  pages = {4077--4100},
  numpages = {0},
  year = {1975},
  month = {Jun},
  publisher = {American Physical Society},
  doi = {10.1103/PhysRevB.11.4077},
  url = {https://link.aps.org/doi/10.1103/PhysRevB.11.4077}
}



@article{PhysRevLett.121.250602,
  title = {Temperature Dependence of the Butterfly Effect in a Classical Many-Body System},
  author = {Bilitewski, Thomas and Bhattacharjee, Subhro and Moessner, Roderich},
  journal = {Phys. Rev. Lett.},
  volume = {121},
  issue = {25},
  pages = {250602},
  numpages = {6},
  year = {2018},
  month = {Dec},
  publisher = {American Physical Society},
  doi = {10.1103/PhysRevLett.121.250602},
  url = {https://link.aps.org/doi/10.1103/PhysRevLett.121.250602}
}

@article{PhysRevB.103.174302,
  title = {Classical many-body chaos with and without quasiparticles},
  author = {Bilitewski, Thomas and Bhattacharjee, Subhro and Moessner, Roderich},
  journal = {Phys. Rev. B},
  volume = {103},
  issue = {17},
  pages = {174302},
  numpages = {25},
  year = {2021},
  month = {May},
  publisher = {American Physical Society},
  doi = {10.1103/PhysRevB.103.174302},
  url = {https://link.aps.org/doi/10.1103/PhysRevB.103.174302}
}

@article{BagchiMohanty2012,
  title = {Thermally driven classical Heisenberg model in one dimension},
  author = {Bagchi, Debarshee and Mohanty, P. K.},
  journal = {Phys. Rev. B},
  volume = {86},
  issue = {21},
  pages = {214302},
  numpages = {9},
  year = {2012},
  month = {Dec},
  publisher = {American Physical Society},
  doi = {10.1103/PhysRevB.86.214302},
  url = {https://link.aps.org/doi/10.1103/PhysRevB.86.214302}
}

@article{Zotosetal2005,
  title = {Thermal conductivity of a classical one-dimensional Heisenberg spin model},
  author = {Savin, A. V. and Tsironis, G. P. and Zotos, X.},
  journal = {Phys. Rev. B},
  volume = {72},
  issue = {14},
  pages = {140402},
  numpages = {4},
  year = {2005},
  month = {Oct},
  publisher = {American Physical Society},
  doi = {10.1103/PhysRevB.72.140402},
  url = {https://link.aps.org/doi/10.1103/PhysRevB.72.140402}
}

@article{Suppinf,
author={},
year={},
title={},
journal={},
volume={},
pages={},
note={See supplemental information}
}

@misc{kurchan_2017, title={Quantum bound to chaos and the semiclassical limit}, url={https://arxiv.org/abs/1612.01278}, journal={arXiv.org}, author={Kurchan, Jorge}, year={2017}, month={Jan}} 