@misc{2208.08577,
Author = {Ryo Hanai},
Title = {Non-reciprocal frustration: time crystalline order-by-disorder phenomenon and a spin-glass-like state},
Year = {2022},
Eprint = {arXiv:2208.08577},
}